[gd_scene load_steps=6 format=3 uid="uid://cgy4xj5r4xj3r"]

[ext_resource type="Script" path="res://scripts/pile.gd" id="1_fmpqh"]

[sub_resource type="Animation" id="Animation_u2pi4"]
resource_name = "Glow"
length = 2.0
loop_mode = 1
tracks/0/type = "value"
tracks/0/imported = false
tracks/0/enabled = true
tracks/0/path = NodePath("Glow:modulate")
tracks/0/interp = 1
tracks/0/loop_wrap = true
tracks/0/keys = {
"times": PackedFloat32Array(0, 1, 2),
"transitions": PackedFloat32Array(1, 1, 1),
"update": 0,
"values": [Color(1, 1, 0.607843, 0.596078), Color(1, 1, 0.607843, 0.843137), Color(1, 1, 0.607843, 0.596078)]
}
tracks/1/type = "value"
tracks/1/imported = false
tracks/1/enabled = true
tracks/1/path = NodePath("Glow:rotation")
tracks/1/interp = 1
tracks/1/loop_wrap = true
tracks/1/keys = {
"times": PackedFloat32Array(0, 0.8, 1.4, 2),
"transitions": PackedFloat32Array(1, 1, 1, 1),
"update": 0,
"values": [0.0, -0.0349066, 0.0349066, 0.0]
}
tracks/2/type = "value"
tracks/2/imported = false
tracks/2/enabled = true
tracks/2/path = NodePath("Glow:scale")
tracks/2/interp = 1
tracks/2/loop_wrap = true
tracks/2/keys = {
"times": PackedFloat32Array(0, 1, 2),
"transitions": PackedFloat32Array(1, 1, 1),
"update": 0,
"values": [Vector2(1, 1), Vector2(0.95, 0.95), Vector2(1, 1)]
}

[sub_resource type="Animation" id="Animation_rghtt"]
length = 0.001
tracks/0/type = "value"
tracks/0/imported = false
tracks/0/enabled = true
tracks/0/path = NodePath("Glow:modulate")
tracks/0/interp = 1
tracks/0/loop_wrap = true
tracks/0/keys = {
"times": PackedFloat32Array(0),
"transitions": PackedFloat32Array(1),
"update": 0,
"values": [Color(1, 1, 0.607843, 0.596078)]
}
tracks/1/type = "value"
tracks/1/imported = false
tracks/1/enabled = true
tracks/1/path = NodePath("Glow:rotation")
tracks/1/interp = 1
tracks/1/loop_wrap = true
tracks/1/keys = {
"times": PackedFloat32Array(0),
"transitions": PackedFloat32Array(1),
"update": 0,
"values": [0.0]
}
tracks/2/type = "value"
tracks/2/imported = false
tracks/2/enabled = true
tracks/2/path = NodePath("Glow:scale")
tracks/2/interp = 1
tracks/2/loop_wrap = true
tracks/2/keys = {
"times": PackedFloat32Array(0),
"transitions": PackedFloat32Array(1),
"update": 0,
"values": [Vector2(1, 1)]
}

[sub_resource type="AnimationLibrary" id="AnimationLibrary_kca3j"]
_data = {
"Glow": SubResource("Animation_u2pi4"),
"RESET": SubResource("Animation_rghtt")
}

[sub_resource type="RectangleShape2D" id="RectangleShape2D_eq4au"]
size = Vector2(80, 120)

[node name="Pile" type="Node2D"]
script = ExtResource("1_fmpqh")

[node name="Glow" type="Polygon2D" parent="."]
visible = false
modulate = Color(1, 1, 0.607843, 0.596078)
position = Vector2(40.2748, 62.0779)
offset = Vector2(-40.7714, -61.9198)
polygon = PackedVector2Array(-4.38783, -5.12862, 26.9048, -5.88861, 60.2238, -7.6417, 85, -5, 88.2718, 18.8221, 83.8894, 62.1846, 84.4163, 122.743, 47.0284, 128.501, -3.39841, 124.062, -3.17332, 95.8054, -4.87818, 56.4313, -2.6669, 32.2271)

[node name="AnimationPlayer" type="AnimationPlayer" parent="Glow"]
root_node = NodePath("../..")
libraries = {
"": SubResource("AnimationLibrary_kca3j")
}
autoplay = "Glow"

[node name="Cards" type="Node2D" parent="."]

[node name="Area2D" type="Area2D" parent="."]

[node name="CollisionShape2D" type="CollisionShape2D" parent="Area2D"]
position = Vector2(40, 60)
shape = SubResource("RectangleShape2D_eq4au")

[connection signal="input_event" from="Area2D" to="." method="_on_area_2d_input_event"]
[connection signal="mouse_entered" from="Area2D" to="." method="_on_area_2d_mouse_entered"]
[connection signal="mouse_exited" from="Area2D" to="." method="_on_area_2d_mouse_exited"]
